% Encoding: UTF-8

@Book{Hewitt2015,
  author    = {Paul G. Hewitt},
  year      = {2015},
  title     = {Física Conceitual},
  edition   = {12},
  isbn      = {8582603401},
  pagetotal = {816},
  publisher = {Bookman},
  address   = {Porto Alegre, RS},
  timestamp = {21-04-2021},
}

@Book{Hallidayv1,
  author    = {David Halliday and Robert Resnick and Jearl Walker},
  publisher = {LTC},
  title     = {Fudamentos de Física},
  address   = {Rio de Janeiro, RJ},
  edition   = {4},
  isbn      = {8521610696},
  volume    = {1},
  year      = {1996},
  pagetotal = {330},
}

@Book{Hallidayv2,
  author    = {David Halliday and Robert Resnick and Jearl Walker},
  year      = {1996},
  title     = {Fudamentos de Física},
  edition   = {4},
  isbn      = {8521610700},
  pagetotal = {292},
  publisher = {LTC},
  volume    = {2},
  address   = {Rio de Janeiro, RJ},
}

@Book{Hallidayv3,
  author    = {David Halliday and Robert Resnick and Jearl Walker},
  year      = {1994},
  title     = {Fudamentos de Física},
  edition   = {3},
  isbn      = {8521610220},
  pagetotal = {334},
  publisher = {LTC},
  volume    = {3},
  address   = {Rio de Janeiro, RJ},
}

@Book{Hallidayv4,
  author    = {David Halliday and Robert Resnick and Jearl Walker},
  publisher = {LTC},
  title     = {Fudamentos de Física},
  year      = {1995},
  address   = {Rio de Janeiro, RJ},
  edition   = {4},
  isbn      = {8521610343},
  volume    = {4},
  pagetotal = {355},
}

@Book{SampaioVU,
  author    = {José Luiz Sampaio and Caio Sérgio CalÇada},
  publisher = {Atual},
  title     = {Física},
  year      = {2003},
  address   = {São Paulo, SP},
  edition   = {1},
  isbn      = {9788535704044},
  volume    = {Volume Único},
  pagetotal = {472},
}

@Book{BonjornoVU,
  author    = {Regina Azenha Bonjorno and José Roberto Bonjorno and Valter Bonjorno and Clinton Marcico Ramos},
  publisher = {FTD},
  title     = {Física completa},
  year      = {2001},
  address   = {São Paulo, SP},
  edition   = {2},
  isbn      = {8532248322},
  volume    = {Volume Único},
  pagetotal = {551},
}

@Book{ParanaVU,
  author    = {Djalma Nunes ParanÁ},
  publisher = {Ática},
  title     = {Física},
  year      = {1997},
  address   = {São Paulo, SP},
  edition   = {5},
  isbn      = {8508063164},
  volume    = {Volume Único},
  pagetotal = {464},
}

@Book{ParanaV1,
  author    = {Djalma Nunes ParanÁ},
  publisher = {Ática},
  title     = {Física},
  subtitle  = {Mecânica},
  year      = {1995},
  address   = {São Paulo, SP},
  edition   = {4},
  isbn      = {8508041608},
  volume    = {1},
  pagetotal = {367},
}

@Book{ParanaV2,
  author    = {Djalma Nunes ParanÁ},
  publisher = {Ática},
  title     = {Física},
  subtitle  = {Termologia, óptica, ondulatória},
  year      = {1995},
  address   = {São Paulo, SP},
  edition   = {4},
  isbn      = {8508041624},
  volume    = {2},
  pagetotal = {383},
}

@Book{ParanaV3,
  author    = {Djalma Nunes ParanÁ},
  publisher = {Ática},
  title     = {Física},
  subtitle  = {Eletricidade},
  year      = {1994},
  address   = {São Paulo, SP},
  edition   = {3},
  isbn      = {8508041640},
  volume    = {3},
  pagetotal = {386},
}

@article{dantas2018olhar,
  title={Um olhar físico sobre a teoria musical},
  author={Dantas, Joseclécio Dutra and Cruz, Sergio da Silva},
  journal={Revista Brasileira de Ensino de Física},
  volume={41},
  year={2018},
  publisher={SciELO Brasil}
}

@article{vicenzi2007ensinando,
  title={Ensinando difra{\c{c}}{\~a}o para alunos do ensino m{\'e}dio},
  author={Vicenzi, Scheila and Cunha, Silvio Luiz Souza and Libardi, Helena},
  journal={Encontro Estadual de Ensino de F{\'\i}sica-RS (2.: 2007 set. 13-15: Porto Alegre, RS). Atas. Porto Alegre: IF-UFRGS, 2007.},
  year={2007}
}

@manual{BNCC,
 title        = {Base Nacional Comum Curricular},
 year         = {2018},
 organization = {Brasil. {Ministério da Educação}},
 org-short    = {Brasil},
 address      = {Brasília}
}

@Comment{jabref-meta: databaseType:bibtex;}